<?xml version="1.0" encoding="UTF-8"?><collection xmlns="http://www.loc.gov/MARC21/slim"><record><leader>00490nam--2200181-i-4500</leader><controlfield tag="001">000040853</controlfield><controlfield tag="002">20161230</controlfield><controlfield tag="005">20161230201042</controlfield><controlfield tag="008">060222s1000------------r-----000-0-eng-d</controlfield><datafield ind1=" " ind2=" " tag="040"><subfield code="a">IFIN-HH</subfield></datafield><datafield ind1=" " ind2=" " tag="080"><subfield code="a">53</subfield></datafield><datafield ind1="1" ind2=" " tag="100"><subfield code="a">Striganov, A.R</subfield></datafield><datafield ind1="1" ind2="0" tag="245"><subfield code="a">Tabliti spektralnih liniineitralnih i inozovannih atomov</subfield><subfield code="c">A.r. striganov, n.s. sventiskii</subfield></datafield><datafield ind1=" " ind2=" " tag="260"><subfield code="a">Moskva</subfield><subfield code="b">Atomizdat</subfield><subfield code="c">1966</subfield></datafield><datafield ind1=" " ind2=" " tag="300"><subfield code="a">898P</subfield></datafield><datafield ind1="1" ind2=" " tag="700"><subfield code="a">Sventiskii, N.S</subfield></datafield><datafield ind1=" " ind2=" " tag="852"><subfield code="a">25867</subfield><subfield code="c">52.081</subfield></datafield><datafield ind1=" " ind2=" " tag="CAT"><subfield code="a">Sys</subfield><subfield code="c">20160329</subfield><subfield code="h">103950</subfield></datafield></record></collection>